<?xml version="1.0" encoding="UTF-8"?><collection xmlns="http://www.loc.gov/MARC21/slim"><record><leader>00378nam--2200133-i-4500</leader><controlfield tag="001">000031946</controlfield><controlfield tag="002">20161230</controlfield><controlfield tag="005">20161230201038</controlfield><controlfield tag="008">060222s1000------------r-----000-0-eng-d</controlfield><datafield ind1=" " ind2=" " tag="080"><subfield code="a">577.3:620.179.16:543.*</subfield></datafield><datafield ind1=" " ind2=" " tag="245"><subfield code="a">Fundamental and applied aspects of nonionizing</subfield></datafield><datafield ind1=" " ind2=" " tag="260"><subfield code="a">New York, Plenum Press, 1975. Xvi+740p</subfield></datafield><datafield ind1=" " ind2=" " tag="700"><subfield code="a">Michaelson, Solomon M., Norton, W</subfield></datafield><datafield ind1=" " ind2=" " tag="852"><subfield code="a">45598</subfield></datafield></record></collection>